%****************************************************
%	Required Variables:
%   ARTICLE:
%   author (>6 = and others)
%   title (Use caps where necessary = {letter/word})
%   journal
%   volume
%   year
%   doi
% ---------------------------------------------------
%   INPROCEEDINGS
%****************************************************
%   title
%   author
%   booktitle (Caps where necessary)
%   volume
%   pages
%   year
&   organization
%****************************************************
%	CHAPTER 2 - LITERATURE REVIEW
%****************************************************
%====================================================
% Antarctic Climate
%====================================================
@article{Kennicut2019,
   author = {Mahlon C. Kennicutt and David Bromwich and Daniela Liggett and Birgit Njåstad and Lloyd Peck and Stephen R. Rintoul},
   doi = {10.1016/j.oneear.2019.08.014},
   journal = {{O}ne {E}arth},
   pages = {95-113},
   publisher = {Cell Press},
   title = {Sustained {A}ntarctic Research: A 21st Century Imperative},
   volume = {1},
   year = {2019},
}

@inproceedings{Thomas2017Chap8, 
    place={Chichester}, 
    editor = {David N. Thomas},
    title={Chapter 8: Oceanography and sea ice in the {Southern Ocean}}, booktitle={Sea Ice}, 
    publisher={John Wiley \& Sons}, 
    author={Meredith, Michael P. and Brandon, Mark A.}, 
    year={2017}, 
    pages={216–238}
} 

@article{Maksym2012,
   author = {Ted Maksym and Sharon E. Stammerjohn and Stephen Ackley and Rob Massom},
   doi = {10.5670/oceanog.2012.88},
   journal = {Oceanography},
   pages = {140-151},
   title = {Antarctic sea ice- {A} polar opposite?},
   volume = {25},
   year = {2012}
}

@misc{Scott2023, title={Understanding climate: Antarctic sea ice extent}, url={https://www.climate.gov/news-features/understanding-climate/understanding-climate-antarctic-sea-ice-extent}, journal={NOAA Climate.gov}, author={Scott, Michon}, year={2023}, month = {Mar.}, note={{Accessed} on Aug. 4, 2023}} 

@misc{Copernicus2023, title={Sea ice cover for {F}ebruary 2023}, url={https://climate.copernicus.eu/sea-ice-cover-february-2023}, journal={Copernicus}, publisher={Copernicus}, year={2023}, month={Feb}, note = {{A}ccessed on Aug. 4, 2023}} 

@article{Simmonds2015,
   author = {Ian Simmonds},
   doi = {10.3189/2015AoG69A909},
   journal = {Annals of {G}laciology},
   pages = {18-28},
   publisher = {International {G}laciology {S}ociety},
   title = {Comparing and contrasting the behaviour of {A}rctic and {A}ntarctic sea ice over the 35 year period 1979-2013},
   volume = {56},
   year = {2015}
}

@article{Parkinson2004,
   author = {Claire L. Parkinson},
   doi = {10.1017/S0954102004002214},
   journal = {Antarctic {S}cience},
   month = {12},
   pages = {387-400},
   title = {Southern {O}cean sea ice and its wider linkages: {I}nsights revealed from models and observations},
   volume = {16},
   year = {2004},
}

@article{Comiso2017,
   author = {Josefino C. Comiso and Robert A. Gersten and Larry V. Stock and John Turner and Gay J. Perez and Kohei Cho},
   doi = {10.1175/JCLI-D-16-0408.1},
   journal = {Journal of {C}limate},
   pages = {2251-2267},
   title = {Positive trend in the {A}ntarctic sea ice cover and associated changes in surface temperature},
   volume = {30},
   year = {2017},
}

@article{Bronselaer2018, 
    title={Change in future climate due to {A}ntarctic Meltwater}, 
    volume={564}, 
    DOI={10.1038/s41586-018-0712-z},  
    journal={Nature}, 
    author={Bronselaer, Ben and Winton, Michael and Griffies, Stephen M. and Hurlin, William J. and Rodgers, Keith B. and Sergienko, Olga V. and others}, 
    year={2018}, 
    pages={53–58}} 

@article{Gherardi2015,
   author = {Marco Gherardi and Marco Cosentino Lagomarsino},
   doi = {10.1038/srep10226},
   journal = {Scientific {R}eports},
   month = {5},
   publisher = {Nature Publishing Group},
   title = {Characterizing the size and shape of sea ice floes},
   volume = {5},
   year = {2015},
}

%====================================================
% Marginal Ice Zone
%====================================================
@article{Massom2010,
   author = {Robert A. Massom and Sharon E. Stammerjohn},
   doi = {10.1016/j.polar.2010.05.001},
   journal = {Polar {S}cience},
   pages = {149-186},
   title = {Antarctic sea ice change and variability - Physical and ecological implications},
   volume = {4},
   year = {2010}
}
@article{Brouwer2022,
   author = {Jill Brouwer and Alexander D. Fraser and Damian J. Murphy and Pat Wongpan and Alberto Alberello and Alison Kohout and others},
   doi = {10.5194/tc-16-2325-2022},
   journal = {Cryosphere},
   pages = {2325-2353},
   publisher = {Copernicus GmbH},
   title = {Altimetric observation of wave attenuation through the {A}ntarctic marginal ice zone using {ICESat-2}},
   volume = {16},
   year = {2022},
}

@article{Wadhams1986, 
    title={The {S}easonal {I}ce {Z}one}, 
    DOI={10.1007/978-1-4899-5352-0_15}, 
    journal={The {G}eophysics of {S}ea {I}ce}, 
    author={Wadhams, Peter}, 
    year={1986}, 
    pages={825–991}
} 

@article{Vichi2019, 
    title={Effects of an explosive polar cyclone crossing the {A}ntarctic {M}arginal {I}ce {Z}one}, 
    volume={46}, 
    DOI={10.1029/2019gl082457},  
    journal={Geophysical Research Letters}, 
    author={Vichi, Marcello and Eayrs, Clare and Alberello, Alberto and Bekker, Anriëtte and Bennetts, Luke and Holland, David and others}, 
    year={2019}, 
    pages={5948–5958}
}

@article{Stammerjohn2012, 
    title={Regions of Rapid Sea Ice Change: An inter-hemispheric seasonal comparison}, volume={39}, 
    DOI={10.1029/2012gl050874}, 
    journal={Geophysical {R}esearch {L}etters}, 
    author={Stammerjohn, Sharon and Massom, Robert and Rind, David and Martinson, Douglas}, 
    year={2012}
} 

@article{Asplin2012,
author = {Asplin, Matthew G. and Galley, Ryan and Barber, David G. and Prinsenberg, Simon},
title = {Fracture of summer perennial sea ice by ocean swell as a result of {A}rctic storms},
journal = {Journal of Geophysical Research: Oceans},
volume = {117},
pages = {C06025},
doi = {https://doi.org/10.1029/2011JC007221},
year = {2012}
}

@article{Stopa2018,
author = {Stopa, J. E. and Ardhuin, F. and Thomson, Jim and Smith, Madison M. and Kohout, Alison and Doble, Martin J. and others},
title = {Wave Attenuation Through an {A}rctic Marginal ice zone on 12 {O}ctober 2015: 1. {M}easurement of Wave Spectra and Ice Features From {S}entinel 1A},
journal = {Journal of Geophysical Research: Oceans},
volume = {123},
pages = {3619-3634},
doi = {https://doi.org/10.1029/2018JC013791},
year = {2018}
}

@article{Squire2020,
author = {Squire, Vernon A.},
title = {Ocean Wave Interactions with Sea Ice: {A} Reappraisal},
journal = {Annual Review of Fluid Mechanics},
volume = {52},
pages = {37-60},
year = {2020},
doi = {10.1146/annurev-fluid-010719-060301},
}

@article {Montiel2022,
      author = {Fabien Montiel and Alison L. Kohout and Lettie A. Roach},
      title = {Physical Drivers of Ocean Wave Attenuation in the Marginal Ice Zone},
      journal = {Journal of Physical Oceanography},
      year = "2022",
      volume = "52",
      doi = "https://doi.org/10.1175/JPO-D-21-0240.1",
      pages="889 - 906",
}

@article {Young2020,
      author = "Ian R. Young and Emmanuel Fontaine and Qingxiang Liu and Alexander V. Babanin",
      title = "The Wave Climate of the {Southern Ocean}",
      journal = "Journal of Physical Oceanography",
      year = "2020",
      volume = "50",
      doi = "https://doi.org/10.1175/JPO-D-20-0031.1",
      pages= "1417 - 1433",
}

@article{Alberello2021,
	doi = {10.1038/s41467-022-32036-2},
	year = {2022},
	volume = {13},
	author = {Alberto Alberello and Luke G. Bennetts and Miguel Onorato and Marcello Vichi and Keith MacHutchon and Clare Eayrs and others},
	title = {Three-dimensional imaging of waves and floes in the Marginal Ice Zone during a cyclone},
	journal = {Nature Communications}
}

@book{Holthuijsen2007,
   author = {Leo H Holthuijsen},
   isbn = {978-0-511-27021-5},
   title = {Waves in Oceanic and Coastal Waters},
   publisher = {Cambridge University Press},
   year = {2007},
}

@techreport{WMO2014,
  author      = {World Meteorological Organization},
  institution = {World Meteorological Organization},
  title       = {SEA ICE NOMENCLATURE},
  year        = {2014},
  month       = {March},
  url = {https://library.wmo.int/doc\_num.php?explnum\_id=4651},
  note        = {{A}ccessed Aug. 6, 2023}
}

@article{Vichi2021,
   author = {Marcello Vichi},
   doi = {10.5194/tc-2021-307},
   journal = {The Cryosphere},
   title = {A statistical definition of the {Antarctic} Marginal Ice Zone},
   year = {2021},
pages = {1-23},
note = {{P}reprint}
}


%====================================================
% Pancake Ice
%====================================================
@article{Doble2003,
author = {Doble, Martin J. and Coon, Max D. and Wadhams, Peter},
title = {Pancake ice formation in the {Weddell Sea}},
journal = {Journal of Geophysical Research: Oceans},
volume = {108},
pages = {3209-3221},
doi = {https://doi.org/10.1029/2002JC001373},
year = {2003}
}

@article{Wadhams1999,
  title={The physical properties of sea ice in the {Odden} ice tongue},
  author={Wadhams, P and Wilkinson, JP},
  journal={Deep Sea Research Part II: Topical Studies in Oceanography},
  volume={46},
  number={6-7},
  pages={1275-1300},
  year={1999}
}

@ARTICLE{Aulicino2014,
  author={Aulicino, Giuseppe and Fusco, Giannetta and Kern, Stefan and Budillon, Giorgio},
  journal={IEEE Transactions on Geoscience and Remote Sensing}, 
  title={Estimation of Sea-Ice Thickness in {Ross and Weddell Seas from SSM/I Brightness Temperatures}}, 
  year={2014},
  volume={52},
  pages={4122-4140},
  doi={10.1109/TGRS.2013.2279799}}

@article{Wadhams1987,
author = {Wadhams, Peter and Lange, Manfred A. and Ackley, Stephen F.},
title = {The ice thickness distribution across the {Atlantic sector of the Antarctic Ocean} in midwinter},
journal = {Journal of Geophysical Research: Oceans},
volume = {92},
pages = {14535-14552},
doi = {https://doi.org/10.1029/JC092iC13p14535},
year = {1987}
}

@Article{Alberello2019,
AUTHOR = {Alberello, A. and Onorato, M. and Bennetts, L. and Vichi, M. and Eayrs, C. and MacHutchon, K. and others},
TITLE = {Brief communication: {P}ancake ice floe size distribution during the winter expansion of the {A}ntarctic marginal ice zone},
JOURNAL = {The Cryosphere},
VOLUME = {13},
YEAR = {2019},
PAGES = {41-48},
DOI = {10.5194/tc-13-41-2019}
}

@article{Alberello2021b,
    author = {Alberello, Alberto and Dolatshah, Azam and Bennetts, Luke G. and Onorato, Miguel and Nelli, Filippo and Toffoli, Alessandro},
    title = "{A Physical Model of Wave Attenuation in Pancake Ice}",
    journal = {International Journal of Offshore and Polar Engineering},
    volume = {31},
    pages = {263-269},
    year = {2021},
    doi = {10.17736/ijope.2021.ik08},
}

@article{Clarke1984,
author = {Clarke, D. B. and Ackley, S. F.},
title = {Sea ice structure and biological activity in the {A}ntarctic marginal ice zone},
journal = {Journal of Geophysical Research: Oceans},
volume = {89},
pages = {2087-2095},
doi = {https://doi.org/10.1029/JC089iC02p02087},
year = {1984}
}

@article{Lange1991, 
    title={Textural characteristics of sea ice and the major mechanisms of ice growth in the Weddell Sea}, 
    volume={15}, 
    DOI={10.3189/1991AoG15-1-210-215}, 
    journal={Annals of Glaciology}, 
    author={Lange, M. A. and Eicken, H.}, 
    year={1991}, 
    pages={210–215}
}


%====================================================
% Sea Ice Characterisation
%====================================================

@inproceedings{Thomas2017Chap9, 
    place={Chichester}, 
    editor = {David N. Thomas},
    title={Chapter 9: Methods of satellite remote sensing of sea ice}, booktitle={Sea Ice}, 
    publisher={John Wiley \& Sons}, 
    author={Spreen, Gunnar and Kern, Stefan}, 
    year={2017}, 
    pages={239-260}
} 

@article{Emery1994,
  title={Arctic sea ice concentrations from special sensor microwave imager and advanced very high resolution radiometer satellite data},
  author={Emery, WJ and Fowler, C and Maslanik, J},
  journal={Journal of Geophysical Research: Oceans},
  volume={99},
  pages={18329-18342},
  year={1994}
}

@article{Brandt2005,
  title={Surface albedo of the {A}ntarctic sea ice zone},
  author={Brandt, Richard E and Warren, Stephen G and Worby, Anthony P and Grenfell, Thomas C},
  journal={Journal of Climate},
  volume={18},
  pages={3606-3622},
  year={2005},
}

@Article{Rivas2018,
AUTHOR = {Belmonte Rivas, M. and Otosaka, I. and Stoffelen, A. and Verhoef, A.},
TITLE = {A scatterometer record of sea ice extents and backscatter: 1992--2016},
JOURNAL = {The Cryosphere},
VOLUME = {12},
YEAR = {2018},
PAGES = {2941-2953},
DOI = {10.5194/tc-12-2941-2018}
}

@article{Dierking2001,
  title={Radar signatures of frazil and pancake ice-a review},
  author={Dierking, Wolfgang},
  journal={Report, Department of Electromagnetic Systems, Technical University of Denmark, No. 695},
  year={2001}
}

@article{Ricker2015,
author = {Ricker, Robert and Hendricks, Stefan and Perovich, Donald K. and Helm, Veit and Gerdes, Rüdiger},
title = {Impact of snow accumulation on {CryoSat-2 range retrievals over Arctic sea ice}: An observational approach with buoy data},
journal = {Geophysical Research Letters},
volume = {42},
pages = {4447-4455},
doi = {https://doi.org/10.1002/2015GL064081},
year = {2015}
}


%====================================================
% Sea Ice Characterisation using SAR
%====================================================

@article{Dierking2013,
 author = {Wolfgang Dierking},
 journal = {Oceanography},
 pages = {100-111},
 title = {Sea Ice Monitoring by {Synthetic Aperture Radar}},
 volume = {26},
 year = {2013}
}

@article{Zakhvatkina2019,
  title={Satellite {SAR} data-based sea ice classification: An overview},
  author={Zakhvatkina, Natalia and Smirnov, Vladimir and Bychkova, Irina},
  journal={Geosciences},
  volume={9},
  pages={152},
  year={2019}
}

@Article{Moen2013,
AUTHOR = {Moen, M.-A. N. and Doulgeris, A. P. and Anfinsen, S. N. and Renner, A. H. H. and Hughes, N. and Gerland, S. and Eltoft, T.},
TITLE = {Comparison of feature based segmentation of full polarimetric {SAR} satellite sea ice images with manually drawn ice charts},
JOURNAL = {The Cryosphere},
VOLUME = {7},
YEAR = {2013},
PAGES = {1693-1705},
DOI = {10.5194/tc-7-1693-2013}
}

@article{Portabella2002,
   author = {M. Portabella and A. Stoffelen and J. A. Johannessen},
   doi = {10.1029/2001jc000925},
   journal = {Journal of Geophysical Research: Oceans},
   title = {Toward an optimal inversion method for synthetic aperture radar wind retrieval},
   volume = {107},
   year = {2002},
}
@article{Engen1995,
  title={{SAR-ocean} wave inversion using image cross spectra},
  author={Engen, Geir and Johnsen, Harald},
  journal={IEEE Transactions on Geoscience and Remote Sensing},
  volume={33},
  pages={1047-1056},
  year={1995},
  publisher={IEEE}
}

@article{Hasselmann1991,
   author = {Klaus Hasselmann and Susanne Hasselmann},
   doi = {10.1029/91jc00302},
   journal = {Journal of Geophysical Research},
   pages = {10713-10729},
   title = {On the nonlinear mapping of an ocean wave spectrum into a synthetic aperture radar image spectrum and its inversion},
   volume = {96},
   year = {1991},
}
@article{Mastenbroek2000,
   author = {C. Mastenbroek and C. F. {De Valk}},
   doi = {10.1029/1999jc900282},
   journal = {Journal of Geophysical Research: Oceans},
   pages = {3497-3516},
   title = {A semiparametric algorithm to retrieve ocean wave spectra from synthetic aperture radar},
   volume = {105},
   year = {2000}
}
@article{Wadhams2018,
   author = {P. Wadhams and G. Aulicino and F. Parmiggiani and P. O.G. Persson and B. Holt},
   doi = {10.1002/2017JC013003},
   journal = {Journal of Geophysical Research: Oceans},
   pages = {2213-2237},
   title = {Pancake Ice Thickness Mapping in the {Beaufort Sea} From Wave Dispersion Observed in {SAR} Imagery},
   volume = {123},
   year = {2018},
}
@article{Wadhams2004,
   author = {P. Wadhams and F. F. Parmiggiani and G. de Carolis and D. Desiderio and M. J. Doble},
   doi = {10.1029/2004GL020340},
   journal = {Geophysical Research Letters},
   title = {{SAR} imaging of wave dispersion in {Antarctic} pancake ice and its use in measuring ice thickness},
   volume = {31},
   year = {2004}
}


@article{Alpers1981,
author = {Alpers, Werner R. and Ross, Duncan B. and Rufenach, Clifford L.},
title = {On the detectability of ocean surface waves by real and synthetic aperture radar},
journal = {Journal of Geophysical Research: Oceans},
volume = {86},
pages = {6481-6498},
doi = {https://doi.org/10.1029/JC086iC07p06481},
year = {1981}
}

@article{Aulicino2019,
   author = {Giuseppe Aulicino and Peter Wadhams and Flavio Parmiggiani},
   doi = {10.3390/rs11212510},
   journal = {Remote Sensing},
   title = {{SAR} Pancake Ice thickness retrieval in the {Terra Nova Bay (Antarctica)} during the {PIPERS} expedition in Winter 2017},
   volume = {11},
   year = {2019},
}
@article{DeCarolis2021,
   author = {Giacomo {De Carolis} and Piero Olla and Francesca {De Santi}},
   doi = {10.1038/s41598-021-82228-x},
   journal = {Scientific Reports},
   title = {{SAR} image wave spectra to retrieve the thickness of grease-pancake sea ice using viscous wave propagation models},
   volume = {11},
   year = {2021}
}
@article{Doble2015,
   author = {Martin J. Doble and Giacomo {De Carolis} and Michael H. Meylan and Jean Raymond Bidlot and Peter Wadhams},
   doi = {10.1002/2015GL063628},
   journal = {Geophysical Research Letters},
   pages = {4473-4481},
   title = {Relating wave attenuation to pancake ice thickness, using field measurements and model results},
   volume = {42},
   year = {2015}
}
@article{Doble2009,
   author = {Martin J. Doble},
   doi = {10.1029/2008JC004935},
   journal = {Journal of Geophysical Research: Oceans},
   title = {Simulating pancake and frazil ice growth in the {Weddell Sea}: A process model from freezing to consolidation},
   volume = {114},
   year = {2009},
}
@article{Dumont2011,
   author = {D. Dumont and A. Kohout and L. Bertino},
   doi = {10.1029/2010JC006682},
   journal = {Journal of Geophysical Research: Oceans},
   title = {A wave-based model for the marginal ice zone including a floe breaking parameterization},
   volume = {116},
   year = {2011}
}
@article{Hasselmann1996,
   author = {S. Hasselmann and C. Brüning and K. Hasselmann and P. Heimbach},
   doi = {10.1029/96JC00798},
   journal = {Journal of Geophysical Research: Oceans},
   pages = {16615-16629},
   title = {An improved algorithm for the retrieval of ocean wave spectra from synthetic aperture radar image spectra},
   volume = {101},
   year = {1996}
}
@article{Wadhams2006,
   author = {P Wadhams and Giacomo {De Carolis}},
   title = {Wave Dispersion by Antarctic Pancake Ice From Sar Images: A Method for Measuring Ice Thickness},
   url = {http://www.ice-arc.eu},
   year = {2006},
}

@article{Wadhams2006,
  title={Wave dispersion by {A}ntarctic pancake ice from {SAR} images: A method for measuring Ice thickness},
  author={Wadhams, P and Parmiggiani, F and {De Carolis}, G},
  journal={Advances in SAR Oceanography from Envisat and ERS Missions},
  volume={613},
  pages={36},
  year={2006}
}

@article{Wadhams2002,
  title={The use of {SAR} to measure ocean wave dispersion in frazil-pancake icefields},
  author={Wadhams, P and Parmiggiani, F and {De Carolis}, G},
  journal={Journal of physical oceanography},
  volume={32},
  pages={1721-1746},
  year={2002}
}

@article{DeSanti2018,
  title={On the Ocean Wave Attenuation Rate in Grease-Pancake Ice, a Comparison of Viscous Layer Propagation Models With Field Data},
  author={{De Santi}, Francesca and {De Carolis}, Giacomo and Olla, Piero and Doble, Martin and Cheng, Sukun and Shen, Hayley H and others},
  journal={Journal of Geophysical Research: Oceans},
  volume={123},
  pages={5933-5948},
  year={2018}
}

@article{DeCarolis2002,
title = {Dispersion and attenuation of gravity waves in ice: a two-layer viscous fluid model with experimental data validation},
journal = {Physics Letters A},
volume = {305},
pages = {399-412},
year = {2002},
doi = {https://doi.org/10.1016/S0375-9601(02)01503-7},
author = {Giacomo {De Carolis} and Daniela Desiderio}
}

@article{DeSanti2017,
doi = {10.1088/1873-7005/aa59e1},
year = {2017},
volume = {49},
pages = {025512},
author = {F {De Santi} and P Olla},
title = {Effect of small floating disks on the propagation of gravity waves},
journal = {Fluid Dynamics Research}
}

@article{Keller1998,
author = {Keller, Joseph B.},
title = {Gravity waves on ice-covered water},
journal = {Journal of Geophysical Research: Oceans},
volume = {103},
pages = {7663-7669},
doi = {https://doi.org/10.1029/97JC02966},
year = {1998}
}


%====================================================
% Satellites
%====================================================

@article{Buckreuss2018,
   author = {Stefan Buckreuss and Birgit Schättler and Thomas Fritz and Josef Mittermayer and Ralph Kahle and Edith Maurer and others},
   doi = {10.3390/rs10060873},
   journal = {Remote Sensing},
   title = {Ten years of {TerraSAR-X} operations},
   volume = {10},
   year = {2018}
}
@article{Pitz2010,
   author = {Wolfgang Pitz and David Miller},
   doi = {10.1109/TGRS.2009.2037432},
   journal = {IEEE Transactions on Geoscience and Remote Sensing},
   pages = {615-622},
   title = {The {TerraSAR-X} satellite},
   volume = {48},
   year = {2010}
}

@inproceedings{Werninghaus2004,
  title={{TerraSAR-X} mission},
  author={Werninghaus, Rolf},
  booktitle={{SAR} image analysis, modeling, and techniques {VI}},
  volume={5236},
  pages={9-16},
  year={2004},
  publisher={SPIE}
}

@article{Werninghaus2010,
   author = {Rolf Werninghaus and Stefan Buckreuss},
   doi = {10.1109/TGRS.2009.2031062},
   journal = {IEEE Transactions on Geoscience and Remote Sensing},
   pages = {606-614},
   title = {The {TerraSAR-X} mission and system design},
   volume = {48},
   year = {2010}
}

@inproceedings{Geudtner2014,
  title={Sentinel-1 system capabilities and applications},
  author={Geudtner, Dirk and Torres, Ram{\'o}n and Snoeij, Paul and Davidson, Malcolm and Rommen, Bj{\"o}rn},
  booktitle={2014 {IEEE Geoscience and Remote Sensing Symposium}},
  pages={1457-1460},
  year={2014},
  organization={IEEE},
  doi={10.1109/IGARSS.2014.6946711}
}

@inproceedings{Garkusha2020,
  title={A Technology for Building a Seamless Mosaic Coverage of the {A}ntarctica Coasts with Various-Time Images from {Sentinel-1}},
  author={Garkusha, Igor and Hnatushenko, Volodymyr},
  booktitle={{2020 IEEE 40th International Conference on Electronics and Nanotechnology (ELNANO)}},
  pages={747-750},
  year={2020},
  organization={IEEE}
}

@inproceedings{Nghiem2018,
  title={Remote sensing of {A}ntarctic sea ice with coordinated aircraft and satellite data acquisitions},
  booktitle={{IGARSS 2018 - 2018 IEEE International Geoscience and Remote Sensing Symposium}}, 
  author={Nghiem, Son and Busche, Thomas and Kraus, Thomas and Bachmann, Markus and Kurtz, Nathan and Sonntag, John and others},
  pages={8531-8534},
  year={2018},
  organization={IEEE},
  doi={10.1109/IGARSS.2018.8518550}
}

@inproceedings{Potin2019,
  title={Copernicus {Sentinel-1} constellation mission operations status},
  author={Potin, Pierre and Rosich, Betlem and Miranda, Nuno and Grimont, Patrick and Shurmer, Ian and O’Connell, Alistair and others},
  booktitle={{IGARSS 2019-2019 IEEE international geoscience and remote sensing symposium}},
  pages={5385-5388},
  year={2019},
  organization={IEEE}
}

@inproceedings{Potin2016,
  title={Sentinel-1 mission status},
  author={Potin, Pierre and Rosich, Betlem and Grimont, Patrick and Miranda, Nuno and Shurmer, Ian and O'Connell, Alistair and others},
  booktitle={{Proceedings of EUSAR 2016: 11th European conference} on synthetic aperture radar},
  pages={1-6},
  year={2016},
  organization={VDE}
}

@inproceedings{Attema2009,
  title={Sentinel-1 mission overview},
  author={Attema, Evert and Davidson, Malcolm and Snoeij, Paul and Rommen, Bj{\"o}rn and Floury, Nicolas},
  booktitle={{2009 IEEE International Geoscience and Remote Sensing Symposium}},
  volume={1},
  pages={1-36},
  year={2009},
  organization={IEEE}
}

@inproceedings{Torres2012,
  title={The {Sentinel-1} mission and its application capabilities},
  author={Torres, Ram{\'o}n and Snoeij, Paul and Davidson, Malcolm and Bibby, David and Lokas, Svein},
  booktitle={{2012 IEEE International Geoscience and Remote Sensing Symposium}},
  pages={1703-1706},
  year={2012},
  organization={IEEE}
}

@article{Nagler2015,
  title={The {Sentinel-1} mission: New opportunities for ice sheet observations},
  author={Nagler, Thomas and Rott, Helmut and Hetzenecker, Markus and Wuite, Jan and Potin, Pierre},
  journal={Remote Sensing},
  volume={7},
  pages={9371-9389},
  year={2015}
}

@INPROCEEDINGS{Snoeij2009,
  author={Snoeij, Paul and Attema, Evert and Davidson, Malcolm and Duesmann, Berthyl and Floury, Nicolas and Levrini, Guido and others},
  booktitle={{2009 International Radar Conference "Surveillance for a Safer World" (RADAR 2009)}}, 
  title={The {S}entinel-1 radar mission: status and performance}, 
  year={2009},
  pages={1-6}
}

@article{Torres2012b,
title = {{GMES Sentinel-1} mission},
author = {Torres, Ramon and Snoeij, Paul and Geudtner, Dirk and Bibby, David and Davidson, Malcolm and Attema, Evert and others},
journal = {Remote Sensing of Environment},
volume = {120},
pages = {9-24},
year = {2012},
doi = {https://doi.org/10.1016/j.rse.2011.05.028},
}



%****************************************************
%	CHAPTER 3 - THEORY 
%****************************************************
@article{Hasselmann1974JONSWAP,
  title={On the spectral dissipation of ocean waves due to white capping},
  author={Hasselmann, Klaus},
  journal={Boundary-Layer Meteorology},
  volume={6},
  pages={107-127},
  year={1974},
  publisher={Springer}
}

@article{Hasselmann1973JONSWAP,
  title={Measurements of wind-wave growth and swell decay during the {Joint North Sea Wave Project (JONSWAP)}.},
  author={Hasselmann, Klaus and Barnett, Tim P and Bouws, E and Carlson, H and Cartwright, David E and Enke, K and others},
  journal={Ergaenzungsheft zur Deutschen Hydrographischen Zeitschrift, Reihe A},
  year={1973}
}

@article{Pierson1964,
  title={A proposed spectral form for fully developed wind seas based on the similarity theory of {SA Kitaigorodskii}},
  author={Pierson Jr, Willard J and Moskowitz, Lionel},
  journal={Journal of Geophysical Research},
  volume={69},
  number={24},
  pages={5181-5190},
  year={1964},
  publisher={Wiley Online Library}
}

@article{Moreira2013,
  title={A tutorial on synthetic aperture radar},
  author={Moreira, Alberto and Prats-Iraola, Pau and Younis, Marwan and Krieger, Gerhard and Hajnsek, Irena and Papathanassiou, Konstantinos P},
  journal={IEEE Geoscience and remote sensing magazine},
  volume={1},
  number={1},
  pages={6-43},
  year={2013},
  publisher={IEEE}
}

@inbook{Meyer2019, 
    place={Huntsville, AL}, 
    edition={1}, 
    title={Spaceborne {Synthetic Aperture Radar} - Principles, Data Access, and Basic Processing Techniques}, 
    volume={1},
    booktitle={{SAR Handbook: Comprehensive Methodologies for Forest Monitoring and Biomass E}stimation}, 
    publisher={SERVIT}, 
    author={Meyer, Franz}, 
    editor={Flores-Anderson, Africa and Herndon, Kelsey and Thapa, Rajesh and Cherrington, EmilEditors},
    year={2019}, 
    pages={21–63}
} 

@Article{Huang2014,
AUTHOR = {Huang, Pingping and Xu, Wei},
TITLE = {A New Spaceborne Burst {Synthetic Aperture Radar} Imaging Mode for {Wide Swath Coverage}},
JOURNAL = {Remote Sensing},
VOLUME = {6},
YEAR = {2014},
NUMBER = {1},
PAGES = {801-814},
URL = {https://www.mdpi.com/2072-4292/6/1/801},
ISSN = {2072-4292},
DOI = {10.3390/rs6010801}
}

@article{Cumming2005,
  title={Digital processing of synthetic aperture radar data},
  author={Cumming, Ian G and Wong, Frank H},
  journal={Artech house},
  volume={1},
  number={3},
  pages={108-110},
  year={2005},
  publisher={Boston}
}

@INBOOK{Frery2022,
  author={Frery, Alejandro C. and Wu, Jie and Gomez, Luis},
  booktitle={SAR Image Analysis - A Computational Statistics Approach: With R Code, Data, and Applications}, 
  title={Data Acquisition}, 
  year={2022},
  publisher={IEEE Press},
  volume={},
  number={},
  pages={1-41},
  doi={10.1002/9781119795520.ch1}
}

@ARTICLE{DeZan2006,
  author={De Zan, F. and Monti Guarnieri, A.},
  journal={IEEE Transactions on Geoscience and Remote Sensing}, 
  title={TOPSAR: Terrain Observation by Progressive Scans}, 
  year={2006},
  volume={44},
  number={9},
  pages={2352-2360},
  doi={10.1109/TGRS.2006.873853}
}

@ARTICLE{Park2018,
  author={Park, Jeong-Won and Korosov, Anton A. and Babiker, Mohamed and Sandven, Stein and Won, Joong-Sun},
  journal={IEEE Transactions on Geoscience and Remote Sensing}, 
  title={Efficient Thermal Noise Removal for Sentinel-1 TOPSAR Cross-Polarization Channel}, 
  year={2018},
  volume={56},
  number={3},
  pages={1555-1565},
  doi={10.1109/TGRS.2017.2765248}
}

@ARTICLE{Park2019,
  author={Park, Jeong-Won and Won, Joong-Sun and Korosov, Anton A. and Babiker, Mohamed and Miranda, Nuno},
  journal={IEEE Transactions on Geoscience and Remote Sensing}, 
  title={Textural Noise Correction for Sentinel-1 TOPSAR Cross-Polarization Channel Images}, 
  year={2019},
  volume={57},
  number={6},
  pages={4040-4049},
  doi={10.1109/TGRS.2018.2889381}
}

@book{Carsey1992,
  title={Microwave remote sensing of sea ice},
  author={Carsey, Frank D},
  year={1992},
  publisher={American Geophysical Union}
}

@article{Freeman1993,
  title={Radiometric calibration of SAR image data},
  author={Freeman, A},
  journal={International archives of photogrammetry and remote sensing},
  volume={29},
  pages={212-212},
  year={1993},
  publisher={INTERNATIONAL SOCIETY FOR PHOTOGRAMMETRY \& REMOTE SENSING}
}

@inproceedings{ElDarymli2014,
  title={Understanding the significance of radiometric calibration for synthetic aperture radar imagery},
  author={El-Darymli, Khalid and McGuire, Peter and Gill, Eric and Power, Desmond and Moloney, Cecilia},
  booktitle={2014 IEEE 27th Canadian Conference on Electrical and Computer Engineering (CCECE)},
  pages={1-6},
  year={2014},
  organization={IEEE}
}


%****************************************************
%	CHAPTER 4 - SYSTEM DESIGN
%****************************************************

@misc{decimalDegreesWikipedia, 
    url={https://en.wikipedia.org/wiki/Decimal_degrees}, 
    journal={Wikipedia}, 
    publisher={Wikimedia Foundation}, 
    year={2023}, 
    month={Feb}
} 

@misc{sentinel1ProductDef, 
    url={https://sentinels.copernicus.eu/documents/247904/1877131/Sentinel-1-Product-Definition.pdf/6049ee42-6dc7-4e76-9886-f7a72f5631f3?t=1461673251000},
    title={Sentinel-1 Product Defintion}, 
    publisher={Collecte Localisation Satellites (CLS)}, 
    author={Bourbigot, Matthieu}, 
    year={2016}, 
    month={Mar}
} 

%****************************************************
%	Footnotes
%****************************************************
@article {Taylor2012,
      author = "Karl E. Taylor and Ronald J. Stouffer and Gerald A. Meehl",
      title = "An Overview of {CMIP5} and the Experiment Design",
      journal = "Bulletin of the American Meteorological Society",
      year = "2012",
      volume = "93",
      doi = "https://doi.org/10.1175/BAMS-D-11-00094.1",
      pages="485 - 498",
}

@article{Dong2017,
title = {Global anthropogenic heat flux database with high spatial resolution},
journal = {Atmospheric Environment},
volume = {150},
pages = {276-294},
year = {2017},
doi = {https://doi.org/10.1016/j.atmosenv.2016.11.040},
author = {Y. Dong and A.C.G. Varquez and M. Kanda},
}

@incollection{Gamache2015,
title = {{Chapter 12 - The Impact of Glacial Geomorphology on Critical Zone Processes}},
editor = {John R. Giardino and Chris Houser},
publisher = {Elsevier},
booktitle = {Developments in Earth Surface Processes},
pages = {363-395},
year = {2015},
doi = {https://doi.org/10.1016/B978-0-444-63369-9.00012-4},
author = {Kevin R. Gamache and John R. Giardino and Netra R. Regmi and John D. Vitek},
}

@Article{Lazeroms2018,
AUTHOR = {Lazeroms, W. M. J. and Jenkins, A. and Gudmundsson, G. H. and {van de Wal}, R. S. W.},
TITLE = {Modelling present-day basal melt rates for {A}ntarctic ice shelves using a parametrization of buoyant meltwater plumes},
JOURNAL = {The Cryosphere},
VOLUME = {12},
YEAR = {2018},
PAGES = {49-70},
DOI = {10.5194/tc-12-49-2018}
}

@article{Jacobs2004, 
    title={Bottom water production and its links with the thermohaline circulation}, 
    volume={16}, 
    DOI={10.1017/S095410200400224X}, 
    journal={Antarctic Science}, 
    author={Jacobs, Stanley S.}, 
    year={2004}, 
    pages={427–437}
}

@article{Gordon2001, 
    title={Bottom water formation}, 
    DOI={10.1006/rwos.2001.0006}, 
    journal={Encyclopedia of Ocean Sciences}, 
    author={Gordon, A.L.}, 
    year={2001}, 
    pages={334–340}
} 

@incollection{Hulley2019,
title = {{3 - Land Surface Temperature}},
editor = {Glynn C. Hulley and Darren Ghent},
booktitle = {Taking the Temperature of the Earth},
publisher = {Elsevier},
pages = {57-127},
year = {2019},
doi = {https://doi.org/10.1016/B978-0-12-814458-9.00003-4},
author = {Glynn C. Hulley and Darren Ghent and Frank M. Göttsche and Pierre C. Guillevic and David J. Mildrexler and César Coll},
}

@misc{PolarOrbitNasa, url={https://solarsystem.nasa.gov/basics/chapter5-1/}, journal={NASA}, author = {NASA}, publisher={NASA}, title = {Types of Orbits}, note = {{A}ccessed on Aug. 6, 2023}} 

@article{Fernandes2000,
  title={Wave directional spectrum from {SAR} imagery},
  author={Fernandes, AA and Sarma, YVB and Menon, HB and Vethamony, P},
  journal={Journal of the Indian Society of Remote Sensing},
  volume={28},
  pages={9-18},
  year={2000}
}

%****************************************************
%	CHAPTER 4-6 - IMPLEMENTATION
%****************************************************
%====================================================
% CDS Data
%====================================================
%Fix
@misc{cdsToolbox,
year = {2023},
author = {Rob Purser},
title = {Climate {Data Store Toolbox for MATLAB} (v2.2.2)},
publisher = {The MathWorks Inc.},
url = {https://github.com/mathworks/climatedatastore/releases/tag/v2.2.2m}
}
